<?xml version="1.0" encoding="UTF-8"?><collection xmlns="http://www.loc.gov/MARC21/slim"><record><leader>00496nam--2200181-i-4500</leader><controlfield tag="001">000015393</controlfield><controlfield tag="002">20161230</controlfield><controlfield tag="005">20161230201031</controlfield><controlfield tag="008">060222s1000------------r-----000-0-fre-d</controlfield><datafield ind1=" " ind2=" " tag="040"><subfield code="a">IFIN-HH</subfield></datafield><datafield ind1=" " ind2=" " tag="041"><subfield code="a">fre</subfield></datafield><datafield ind1=" " ind2=" " tag="080"><subfield code="a">539.4(043)</subfield></datafield><datafield ind1="1" ind2=" " tag="100"><subfield code="a">Beuneu, Brigite</subfield></datafield><datafield ind1="1" ind2="0" tag="245"><subfield code="a">Influence d'une contrainte uniaxiale sur des defauts ponctuels</subfield><subfield code="b">These</subfield><subfield code="c">Brigite beuneu</subfield></datafield><datafield ind1=" " ind2=" " tag="260"><subfield code="a">Orsay</subfield><subfield code="b">Universite De Paris-sud</subfield><subfield code="c">1983</subfield></datafield><datafield ind1=" " ind2=" " tag="300"><subfield code="a">174 P</subfield></datafield><datafield ind1=" " ind2=" " tag="852"><subfield code="a">72413</subfield><subfield code="c">539.4</subfield></datafield><datafield ind1=" " ind2=" " tag="CAT"><subfield code="a">Sys</subfield><subfield code="c">20130129</subfield><subfield code="h">170128</subfield></datafield></record></collection>